@article{bodin2012constraint,
  title={Constraint fluids},
  author={Bodin, Kenneth and Lacoursi{\'e}, Claude and Servin, Martin},
  journal={Visualization and Computer Graphics, IEEE Transactions on},
  volume={18},
  number={3},
  pages={516--526},
  year={2012},
  publisher={IEEE}
}

@article{monaghan1992smoothed,
  title={Smoothed particle hydrodynamics},
  author={Monaghan, Joe J},
  journal={Annual review of astronomy and astrophysics},
  volume={30},
  pages={543--574},
  year={1992}
}

@article{macklin2013position,
  title={Position based fluids},
  author={Macklin, Miles and M{\"u}ller, Matthias},
  journal={ACM Transactions on Graphics (TOG)},
  volume={32},
  number={4},
  pages={104},
  year={2013},
  publisher={ACM}
}

@inproceedings{BMOT2013,
  title =      "Position-based Methods for the Simulation of Solid Objects in Computer Graphics",
  author =     "Jan Bender and Matthias M{\"u}ller and Miguel A. Otaduy and Matthias Teschner",
  year =       "2013",  
  booktitle =  "EUROGRAPHICS 2013 State of the Art Reports",
  publisher =  "Eurographics Association",
  location =   "Girona, Spain"
}
